<record><leader>00000cas a22000007a 4500</leader><controlfield tag="001">9775726</controlfield><controlfield tag="008">830804d18971902ohudr ne      0   a0eng d</controlfield><datafield ind1=" " ind2=" " tag="010"><subfield code="a">sn 91069834 </subfield></datafield><datafield ind1=" " ind2=" " tag="040"><subfield code="a">BGU</subfield><subfield code="b">eng</subfield><subfield code="c">BGU</subfield><subfield code="d">ONP</subfield><subfield code="d">OCLCQ</subfield><subfield code="d">OCLCF</subfield><subfield code="d">OCLCO</subfield></datafield><datafield ind1=" " ind2=" " tag="042"><subfield code="a">msc</subfield></datafield><datafield ind1=" " ind2=" " tag="043"><subfield code="a">n-us-oh</subfield></datafield><datafield ind1="0" ind2=" " tag="130"><subfield code="a">Daily express (Defiance, Ohio)</subfield></datafield><datafield ind1="1" ind2="0" tag="245"><subfield code="a">Daily express.</subfield></datafield><datafield ind1=" " ind2=" " tag="260"><subfield code="a">Defiance, Ohio :</subfield><subfield code="b">Will C. Kegel,</subfield><subfield code="c">1897-1902.</subfield></datafield><datafield ind1=" " ind2=" " tag="300"><subfield code="a">v.</subfield></datafield><datafield ind1="0" ind2=" " tag="362"><subfield code="a">Vol. 4, no. 114 (Sept. 21, 1897)-8th yr., no. 222 (Jan. 28, 1902).</subfield></datafield><datafield ind1=" " ind2="0" tag="650"><subfield code="a">American newspapers</subfield><subfield code="z">Ohio</subfield><subfield code="z">Defiance.</subfield></datafield><datafield ind1=" " ind2="7" tag="650"><subfield code="a">American newspapers.</subfield><subfield code="2">fast</subfield><subfield code="0">(OCoLC)fst00807293</subfield></datafield><datafield ind1=" " ind2="7" tag="651"><subfield code="a">Ohio</subfield><subfield code="z">Defiance.</subfield><subfield code="2">fast</subfield><subfield code="0">(OCoLC)fst01227138</subfield></datafield><datafield ind1=" " ind2=" " tag="752"><subfield code="a">United States</subfield><subfield code="b">Ohio</subfield><subfield code="c">Defiance</subfield><subfield code="d">Defiance.</subfield></datafield><datafield ind1="1" ind2=" " tag="775"><subfield code="t">Defiance weekly express</subfield><subfield code="w">(DLC)sn 89075065</subfield></datafield><datafield ind1="0" ind2="0" tag="780"><subfield code="t">Daily Republican (Defiance, Ohio)</subfield><subfield code="w">(DLC)sn 87076632</subfield></datafield><datafield ind1="0" ind2="0" tag="785"><subfield code="t">Defiance evening express</subfield><subfield code="w">(DLC)sn 91069468</subfield></datafield></record>